@article {Bellman767,
	author = {Bellman, Richard},
	title = {DYNAMIC PROGRAMMING AND LAGRANGE MULTIPLIERS},
	volume = {42},
	number = {10},
	pages = {767--769},
	year = {1956},
	doi = {10.1073/pnas.42.10.767},
	publisher = {National Academy of Sciences},
	issn = {0027-8424},
	URL = {https://www.pnas.org/content/42/10/767},
	eprint = {https://www.pnas.org/content/42/10/767.full.pdf},
	journal = {Proceedings of the National Academy of Sciences}
}

@article{DBLP:journals/jmlr/SallansH04,
  author    = {Brian Sallans and
               Geoffrey E. Hinton},
  title     = {Reinforcement Learning with Factored States and Actions},
  journal   = {J. Mach. Learn. Res.},
  volume    = {5},
  pages     = {1063--1088},
  year      = {2004},
  url       = {http://jmlr.org/papers/volume5/sallans04a/sallans04a.pdf},
  timestamp = {Wed, 10 Jul 2019 15:28:10 +0200},
  biburl    = {https://dblp.org/rec/journals/jmlr/SallansH04.bib},
  bibsource = {dblp computer science bibliography, https://dblp.org}
}

@misc{crawford2019reinforcement,
      title={Reinforcement Learning Using Quantum Boltzmann Machines}, 
      author={Daniel Crawford and Anna Levit and Navid Ghadermarzy and Jaspreet S. Oberoi and Pooya Ronagh},
      year={2019},
      eprint={1612.05695},
      archivePrefix={arXiv},
      primaryClass={quant-ph}
}